<record><leader>00000cas a22000007a 4500</leader><controlfield tag="001">1752346</controlfield><controlfield tag="008">751101d18811998mnuwr ne      0    0eng d</controlfield><datafield ind1=" " ind2=" " tag="010"><subfield code="a">sn 90057585 </subfield></datafield><datafield ind1=" " ind2=" " tag="040"><subfield code="a">MUL</subfield><subfield code="b">eng</subfield><subfield code="c">MUL</subfield><subfield code="d">OCL</subfield><subfield code="d">MN#</subfield><subfield code="d">DLC</subfield><subfield code="d">OCLCF</subfield><subfield code="d">OCLCO</subfield></datafield><datafield ind1="1" ind2=" " tag="029"><subfield code="a">AU@</subfield><subfield code="b">000020631707</subfield></datafield><datafield ind1=" " ind2=" " tag="042"><subfield code="a">msc</subfield></datafield><datafield ind1=" " ind2=" " tag="043"><subfield code="a">n-us-mn</subfield></datafield><datafield ind1=" " ind2=" " tag="052"><subfield code="a">4144</subfield><subfield code="b">H84</subfield></datafield><datafield ind1=" " ind2=" " tag="052"><subfield code="a">4143</subfield><subfield code="b">W9</subfield></datafield><datafield ind1="0" ind2="0" tag="245"><subfield code="a">Howard Lake herald.</subfield></datafield><datafield ind1=" " ind2=" " tag="260"><subfield code="a">Howard Lake, Wright County, Minn. :</subfield><subfield code="b">H. Tanner,</subfield><subfield code="c">1881-1998.</subfield></datafield><datafield ind1=" " ind2=" " tag="300"><subfield code="a">v.</subfield></datafield><datafield ind1=" " ind2=" " tag="310"><subfield code="a">Weekly</subfield></datafield><datafield ind1="0" ind2=" " tag="362"><subfield code="a">Vol. 5, no. 26 (Nov. 17, 1881)-v. 129, no. 50 (Dec. 28, 1998).</subfield></datafield><datafield ind1=" " ind2=" " tag="530"><subfield code="a">Available on microfilm from the Minnesota Historical Society.</subfield></datafield><datafield ind1=" " ind2="0" tag="651"><subfield code="a">Howard Lake (Minn.)</subfield><subfield code="v">Newspapers.</subfield></datafield><datafield ind1=" " ind2="7" tag="655"><subfield code="a">Newspapers.</subfield><subfield code="2">fast</subfield><subfield code="0">(OCoLC)fst01423814</subfield></datafield><datafield ind1=" " ind2="7" tag="651"><subfield code="a">Minnesota</subfield><subfield code="z">Howard Lake.</subfield><subfield code="2">fast</subfield><subfield code="0">(OCoLC)fst01235960</subfield></datafield><datafield ind1=" " ind2=" " tag="752"><subfield code="a">United States</subfield><subfield code="b">Minnesota</subfield><subfield code="c">Wright</subfield><subfield code="d">Howard Lake.</subfield></datafield><datafield ind1="0" ind2="0" tag="780"><subfield code="t">People's advocate (Howard Lake, Minn.)</subfield><subfield code="w">(DLC)sn 90057586</subfield></datafield><datafield ind1="0" ind2="0" tag="785"><subfield code="t">Howard Lake Waverly herald</subfield><subfield code="w">(OCoLC)51532251</subfield></datafield></record>